%% This BibTeX bibliography file was created using BibDesk.
%% http://bibdesk.sourceforge.net/

%% Created for Celeste Barnaby at 2018-04-02 15:46:45 -0400 


%% Saved with string encoding Unicode (UTF-8) 



@book{Pierce:2005aa,
	Author = {Benjamin C. Pierce},
	Date-Added = {2018-04-02 19:45:46 +0000},
	Date-Modified = {2018-04-02 19:46:36 +0000},
	Publisher = {Massachusetts Institute of Technology},
	Title = {Advanced Topics in Types and Programming Languages},
	Year = {2005}}

@article{Tassarotti:2017aa,
	Author = {J. Tassarotti and R. Harper},
	Date-Added = {2018-03-26 01:16:03 +0000},
	Date-Modified = {2018-03-26 01:16:44 +0000},
	Journal = {ACM},
	Title = {Verified Tail Bounds for Randomized Programs},
	Year = {2017}}

@inproceedings{N.-Danner:2015aa,
	Author = {Danner, Norman and Licata, Dan and Ramyaa Ramyaa},
	Booktitle = {International Conference on Functional Programming},
	Date-Added = {2018-03-26 01:15:34 +0000},
	Date-Modified = {2018-03-27 17:43:10 +0000},
	Title = {Denotational cost semantics for functional languages with inductive types},
	Year = {2015}}

@article{Karp,
	Author = {R. M. Karp},
	Date-Added = {2018-03-26 01:11:36 +0000},
	Date-Modified = {2018-03-26 01:14:54 +0000},
	Journal = {ACM},
	Pages = {1136-1150},
	Title = {Probabilistic recurrence relations},
	Volume = {41(6)},
	Year = {1994}}
